%  BiBTeX database for thesis "Xxxxxxxxxxxxxxxxx"
%
%% bibtexfile{
%%  author    = "Sean McGarraghy",
%%  version   = "0.10",
%%  date      = "25 June 1999",
%%  filename  = "thesis.bib",
%%  address   = "Centre for Business Analytics,
%%               School of Business,
%%               University College,
%%               Dublin 4,
%%               Ireland",
%%  email     = "<Sean.McGarraghy at ucd.ie>" }

@Preamble{{}
# {\hyphenation{Post-Script Sprin-ger}}
}

@String{AMS = {{Amer. Math. Soc.}}}
@String{AW  = {{Addison-Wesley}}}
@String{BEN = {{W.A. Benjamin, Inc, Mathematics Lecture Note Series}}}
@String{BEN:adr = {{Reading, Massachusetts}}}
@String{CUP = {{Cambridge University Press}}}
@String{EA  = {{Edward Arnold}}}
@String{FVS = {{Friedr. Vieweg \& Sohn}}}
@String{FVS:adr = {{Braunschweig/Wiesbaden}}}
@String{GBS = {{Gordon and Breach Science Publishers}}}
@String{MGH = {{McGraw-Hill}}}
@String{OUP = {{Oxford University Press}}}
@String{OUP:adr = {{Oxford, London, New York}}}
@String{RKP = {{Routledge and Kegan Paul}}}
@String{SV  = {{Springer-Verlag}}}
@String{SV:adr = {{Berlin-Heidelberg-Tokyo-New York}}}
@String{WHF = {{W. H. Freeman and Company}}}
@String{WI  = {{Wiley}}}

@Article{pearl1995theory,
  title={A theory of inferred causation},
  author={Pearl, Judea and Verma, Thomas S},
  journal={Studies in Logic and the Foundations of Mathematics},
  volume={134},
  pages={789--811},
  year={1995},
  publisher={Elsevier}
}

@Article{stuart2010matching,
  title={Matching methods for causal inference: A review and a look forward},
  author={Stuart, Elizabeth A},
  journal={Statistical science: a review journal of the Institute of Mathematical Statistics},
  volume={25},
  number={1},
  pages={1},
  year={2010},
  publisher={NIH Public Access}
}

@Article{holland1986statistics,
  title={Statistics and causal inference},
  author={Holland, Paul W},
  journal={Journal of the American statistical Association},
  volume={81},
  number={396},
  pages={945--960},
  year={1986},
  publisher={Taylor \& Francis}
}

@Article{king2014balance,
  title={The Balance-Sample Size Frontier in Matching Methods for Causal Inference},
  author={King, Gary and Lucas, Christopher and A Nielsen, Richard},
  journal={American Journal of Political Science},
  year={2014},
  publisher={Wiley Online Library}
}

@Article{bhagat2008corporate,
  title={Corporate governance and firm performance},
  author={Bhagat, Sanjai and Bolton, Brian},
  journal={Journal of corporate finance},
  volume={14},
  number={3},
  pages={257--273},
  year={2008},
  publisher={Elsevier}
}

@Article{chen2015does,
  title={Does managerial ability facilitate corporate innovative success?},
  author={Chen, Yangyang and Podolski, Edward J and Veeraraghavan, Madhu},
  journal={Journal of empirical finance},
  volume={34},
  pages={313--326},
  year={2015},
  publisher={Elsevier}
}

@Inproceedings{moldovan2015learning,
  title={Learning the Relationship Between Corporate Governance and Company Performance Using Data Mining},
  author={Moldovan, Darie and Mutu, Simona},
  booktitle={International Workshop on Machine Learning and Data Mining in Pattern Recognition},
  pages={368--381},
  year={2015},
  organization={Springer}
}

@Article{bauer2008impact,
  title={The impact of corporate governance on corporate performance: Evidence from Japan},
  author={Bauer, Rob and Frijns, Bart and Otten, Rog{\'e}r and Tourani-Rad, Alireza},
  journal={Pacific-Basin Finance Journal},
  volume={16},
  number={3},
  pages={236--251},
  year={2008},
  publisher={Elsevier}
}

@Article{epstein2001sustainability,
  title={Sustainability in action: Identifying and measuring the key performance drivers},
  author={Epstein, Marc J and Roy, Marie-Jos{\'e}e},
  journal={Long range planning},
  volume={34},
  number={5},
  pages={585--604},
  year={2001},
  publisher={Elsevier}
}

@Article{schaltegger2002link,
  title={The link between green and economic success: environmental management as the crucial trigger between environmental and economic performance},
  author={Schaltegger, Stefan and Synnestvedt, Terje},
  journal={Journal of environmental management},
  volume={65},
  number={4},
  pages={339--346},
  year={2002},
  publisher={Elsevier}
}


@Article{bolton2011unified,
  title={A unified theory of Tobin's q, corporate investment, financing, and risk management},
  author={Bolton, Patrick and Chen, Hui and Wang, Neng},
  journal={The journal of Finance},
  volume={66},
  number={5},
  pages={1545--1578},
  year={2011},
  publisher={Wiley Online Library}
}

@Article{tobin1969general,
  title={A general equilibrium approach to monetary theory},
  author={Tobin, James},
  journal={Journal of money, credit and banking},
  volume={1},
  number={1},
  pages={15--29},
  year={1969},
  publisher={JSTOR}
}


@Article{chung1994simple,
  title={A simple approximation of Tobin's q},
  author={Chung, Kee H and Pruitt, Stephen W},
  journal={Financial management},
  pages={70--74},
  year={1994},
  publisher={JSTOR}
}

@article{dybvig2010tobin,
  title={Tobinâ€™s Q does not measure performance: Theory, empirics, and alternative measures},
  author={Dybvig, Philip H and Warachka, Mitch},
  journal={Unpublished Working paper, Washington University, Saint Louis, United Sates},
  year={2010}
}

@article{altman2000predicting,
  title={Predicting financial distress of companies: revisiting the Z-score and ZETA models},
  author={Altman, Edward I and others},
  journal={Stern School of Business, New York University},
  pages={9--12},
  year={2000}
}

@article{eidleman1995z,
  title={Z scores-a guide to failure prediction},
  author={Eidleman, Gregory J},
  journal={The CPA Journal},
  volume={65},
  number={2},
  pages={52},
  year={1995},
  publisher={New York State Society of Certified Public Accountants}
}

@inproceedings{gerantonis2009can,
  title={CAN ALTMAN Z-SCORE MODEL PREDICT BUSINESS FAILURES IN GREECE?},
  author={Gerantonis, Nikolaos and Vergos, Konstantinos and Christopoulos, Apostolos},
  booktitle={Proceedings of the 2nd International Conference: Quantitative and Qualitative Methodologies in the Economic and Administrative Sciences},
  pages={149},
  year={2009},
  organization={Christos Frangos}
}


@article{wahba2008does,
  title={Does the market value corporate environmental responsibility? An empirical examination},
  author={Wahba, Hayam},
  journal={Corporate Social Responsibility and Environmental Management},
  volume={15},
  number={2},
  pages={89--99},
  year={2008},
  publisher={Wiley Online Library}
}

@article{orlitzky2003corporate,
  title={Corporate social and financial performance: A meta-analysis},
  author={Orlitzky, Marc and Schmidt, Frank L and Rynes, Sara L},
  journal={Organization studies},
  volume={24},
  number={3},
  pages={403--441},
  year={2003},
  publisher={Sage Publications}
}

@article{esarey2015causal,
  title={Causal Inference with Observational Data},
  author={Esarey, Justin},
  year={2015}
}

@article{cnnUnitedAirlines,
  title={Man dragged off United flight has concussion, will file suit, lawyer says},
  author={McLaughlin, Eliott C},
  year={2017},
  url={http://edition.cnn.com/2017/04/13/travel/united-passenger-pulled-off-flight-lawsuit-family-attorney-speak/},
}

@article{telegraphVolkswagon,
  title={Volkswagen scandal: Bad governance is often a sign of trouble ahead},
  author={McVeigh, Ian},
  year={2015},
  url={http://www.telegraph.co.uk/finance/comment/11893886/Volkswagen-scandal-Bad-governance-is-often-a-sign-of-trouble-ahead.html},
}

@article{kirkpatrick2009corporate,
  title={The corporate governance lessons from the financial crisis},
  author={Kirkpatrick, Grant},
  journal={OECD Journal: Financial Market Trends},
  volume={2009},
  number={1},
  pages={61--87},
  year={2009},
  publisher={Organisation for Economic Cooperation and Development (OECD)}
}

@article{fayyad1996kdd,
  title={The KDD process for extracting useful knowledge from volumes of data},
  author={Fayyad, Usama and Piatetsky-Shapiro, Gregory and Smyth, Padhraic},
  journal={Communications of the ACM},
  volume={39},
  number={11},
  pages={27--34},
  year={1996},
  publisher={ACM}
}

@article{rahdari2015designing,
  title={Designing a general set of sustainability indicators at the corporate level},
  author={Rahdari, Amir Hossein and Rostamy, Ali Asghar Anvary},
  journal={Journal of Cleaner Production},
  volume={108},
  pages={757--771},
  year={2015},
  publisher={Elsevier}
}

@article{hausman1978specification,
  title={Specification tests in econometrics},
  author={Hausman, Jerry A},
  journal={Econometrica: Journal of the Econometric Society},
  pages={1251--1271},
  year={1978},
  publisher={JSTOR}
}


 }
